<?xml version="1.0" encoding="UTF-8"?><collection xmlns="http://www.loc.gov/MARC21/slim"><record><leader>00438nam--2200133-i-4500</leader><controlfield tag="001">000005416</controlfield><controlfield tag="002">20161230</controlfield><controlfield tag="005">20161230201026</controlfield><controlfield tag="008">060222s1000------------r-----000-0-eng-d</controlfield><datafield ind1=" " ind2=" " tag="100"><subfield code="a">Brockmeyer, E., Halstrom, H.L., Jensen, A</subfield></datafield><datafield ind1=" " ind2=" " tag="245"><subfield code="a">The life and works of a.k.erlang</subfield></datafield><datafield ind1=" " ind2=" " tag="260"><subfield code="a">Copenhagen, Danish Academy Of Techn.Sci., 1960 275 P</subfield></datafield><datafield ind1=" " ind2=" " tag="490"><subfield code="a">Acta Polytechnica Scandinavica. Mathematics An D Computing Machinery Series</subfield></datafield><datafield ind1=" " ind2=" " tag="852"><subfield code="a">6364</subfield></datafield></record></collection>